<record><leader>00000cas a22000007a 4500</leader><controlfield tag="001">16702026</controlfield><controlfield tag="008">870917d18921953ohudn ne      0    0eng d</controlfield><datafield ind1=" " ind2=" " tag="010"><subfield code="a">sn 87076671 </subfield></datafield><datafield ind1=" " ind2=" " tag="040"><subfield code="a">ONP</subfield><subfield code="b">eng</subfield><subfield code="c">ONP</subfield><subfield code="d">OCLCQ</subfield></datafield><datafield ind1=" " ind2=" " tag="042"><subfield code="a">msc</subfield></datafield><datafield ind1="0" ind2=" " tag="130"><subfield code="a">Kenton daily Democrat (Kenton, Ohio : 1892)</subfield></datafield><datafield ind1="1" ind2="4" tag="245"><subfield code="a">The Kenton daily Democrat.</subfield></datafield><datafield ind1=" " ind2=" " tag="260"><subfield code="a">Kenton, Ohio :</subfield><subfield code="b">Daniel Flanagan &amp; Co.</subfield></datafield><datafield ind1=" " ind2=" " tag="310"><subfield code="a">Daily (except Sun.)</subfield></datafield><datafield ind1="1" ind2=" " tag="362"><subfield code="a">Began in Oct. 1892; ceased with Oct. 31, 1953 issue.</subfield></datafield><datafield ind1=" " ind2=" " tag="580"><subfield code="a">Weekly ed.: Kenton Democrat (Kenton, Ohio : 1885).</subfield></datafield><datafield ind1=" " ind2=" " tag="588"><subfield code="a">Description based on: New ser., vol. 6, no. 43 (Apr. 30, 1898).</subfield></datafield><datafield ind1=" " ind2=" " tag="752"><subfield code="a">United States</subfield><subfield code="b">Ohio</subfield><subfield code="c">Hardin</subfield><subfield code="d">Kenton.</subfield></datafield><datafield ind1="1" ind2=" " tag="775"><subfield code="t">Kenton Democrat (Kenton, Ohio : 1885)</subfield><subfield code="w">(DLC)sn 87076663</subfield></datafield><datafield ind1="0" ind2="7" tag="785"><subfield code="t">Kenton news and Republican</subfield></datafield><datafield ind1="0" ind2="7" tag="785"><subfield code="t">Kenton times</subfield><subfield code="w">(DLC)sn 87076672</subfield></datafield></record>